%YAML 1.1
%TAG !u! tag:unity3d.com,2011:
--- !u!1 &2345877330391872074
GameObject:
  m_ObjectHideFlags: 0
  m_CorrespondingSourceObject: {fileID: 0}
  m_PrefabInstance: {fileID: 0}
  m_PrefabAsset: {fileID: 0}
  serializedVersion: 6
  m_Component:
  - component: {fileID: 5700254612366046019}
  - component: {fileID: 3628584169683681904}
  - component: {fileID: 5975806607671079751}
  m_Layer: 5
  m_Name: Image
  m_TagString: Untagged
  m_Icon: {fileID: 0}
  m_NavMeshLayer: 0
  m_StaticEditorFlags: 0
  m_IsActive: 0
--- !u!224 &5700254612366046019
RectTransform:
  m_ObjectHideFlags: 0
  m_CorrespondingSourceObject: {fileID: 0}
  m_PrefabInstance: {fileID: 0}
  m_PrefabAsset: {fileID: 0}
  m_GameObject: {fileID: 2345877330391872074}
  m_LocalRotation: {x: 0, y: 0, z: 0, w: 1}
  m_LocalPosition: {x: 0, y: 0, z: 0}
  m_LocalScale: {x: 1, y: 1, z: 1}
  m_Children: []
  m_Father: {fileID: 6647080966588489548}
  m_RootOrder: 0
  m_LocalEulerAnglesHint: {x: 0, y: 0, z: 0}
  m_AnchorMin: {x: 0, y: 0}
  m_AnchorMax: {x: 1, y: 1}
  m_AnchoredPosition: {x: 0, y: 0}
  m_SizeDelta: {x: 20, y: 20}
  m_Pivot: {x: 0.5, y: 0.5}
--- !u!222 &3628584169683681904
CanvasRenderer:
  m_ObjectHideFlags: 0
  m_CorrespondingSourceObject: {fileID: 0}
  m_PrefabInstance: {fileID: 0}
  m_PrefabAsset: {fileID: 0}
  m_GameObject: {fileID: 2345877330391872074}
  m_CullTransparentMesh: 0
--- !u!114 &5975806607671079751
MonoBehaviour:
  m_ObjectHideFlags: 0
  m_CorrespondingSourceObject: {fileID: 0}
  m_PrefabInstance: {fileID: 0}
  m_PrefabAsset: {fileID: 0}
  m_GameObject: {fileID: 2345877330391872074}
  m_Enabled: 1
  m_EditorHideFlags: 0
  m_Script: {fileID: 11500000, guid: fe87c0e1cc204ed48ad3b37840f39efc, type: 3}
  m_Name: 
  m_EditorClassIdentifier: 
  m_Material: {fileID: 0}
  m_Color: {r: 0, g: 0, b: 0, a: 1}
  m_RaycastTarget: 1
  m_OnCullStateChanged:
    m_PersistentCalls:
      m_Calls: []
  m_Sprite: {fileID: 0}
  m_Type: 0
  m_PreserveAspect: 0
  m_FillCenter: 1
  m_FillMethod: 4
  m_FillAmount: 1
  m_FillClockwise: 1
  m_FillOrigin: 0
  m_UseSpriteMesh: 0
  m_PixelsPerUnitMultiplier: 1
--- !u!1 &6647080965641016112
GameObject:
  m_ObjectHideFlags: 0
  m_CorrespondingSourceObject: {fileID: 0}
  m_PrefabInstance: {fileID: 0}
  m_PrefabAsset: {fileID: 0}
  serializedVersion: 6
  m_Component:
  - component: {fileID: 6647080965641016115}
  - component: {fileID: 6647080965641016125}
  - component: {fileID: 6647080965641016114}
  m_Layer: 5
  m_Name: Title
  m_TagString: Untagged
  m_Icon: {fileID: 0}
  m_NavMeshLayer: 0
  m_StaticEditorFlags: 0
  m_IsActive: 1
--- !u!224 &6647080965641016115
RectTransform:
  m_ObjectHideFlags: 0
  m_CorrespondingSourceObject: {fileID: 0}
  m_PrefabInstance: {fileID: 0}
  m_PrefabAsset: {fileID: 0}
  m_GameObject: {fileID: 6647080965641016112}
  m_LocalRotation: {x: -0, y: -0, z: -0, w: 1}
  m_LocalPosition: {x: 0, y: 0, z: 0}
  m_LocalScale: {x: 1, y: 1, z: 1}
  m_Children: []
  m_Father: {fileID: 6647080966588489548}
  m_RootOrder: 1
  m_LocalEulerAnglesHint: {x: 0, y: 0, z: 0}
  m_AnchorMin: {x: 0, y: 1}
  m_AnchorMax: {x: 1, y: 1}
  m_AnchoredPosition: {x: 0, y: 0}
  m_SizeDelta: {x: 0, y: 500}
  m_Pivot: {x: 0.5, y: 1}
--- !u!222 &6647080965641016125
CanvasRenderer:
  m_ObjectHideFlags: 0
  m_CorrespondingSourceObject: {fileID: 0}
  m_PrefabInstance: {fileID: 0}
  m_PrefabAsset: {fileID: 0}
  m_GameObject: {fileID: 6647080965641016112}
  m_CullTransparentMesh: 0
--- !u!114 &6647080965641016114
MonoBehaviour:
  m_ObjectHideFlags: 0
  m_CorrespondingSourceObject: {fileID: 0}
  m_PrefabInstance: {fileID: 0}
  m_PrefabAsset: {fileID: 0}
  m_GameObject: {fileID: 6647080965641016112}
  m_Enabled: 1
  m_EditorHideFlags: 0
  m_Script: {fileID: 11500000, guid: f4688fdb7df04437aeb418b961361dc5, type: 3}
  m_Name: 
  m_EditorClassIdentifier: 
  m_Material: {fileID: 0}
  m_Color: {r: 1, g: 1, b: 1, a: 1}
  m_RaycastTarget: 1
  m_OnCullStateChanged:
    m_PersistentCalls:
      m_Calls: []
  m_text: 'The Fool, the Muscle

    and the Treasure'
  m_isRightToLeft: 0
  m_fontAsset: {fileID: 11400000, guid: 167539c7325127a44bd621a0064f9441, type: 2}
  m_sharedMaterial: {fileID: 2250705547110213640, guid: 167539c7325127a44bd621a0064f9441,
    type: 2}
  m_fontSharedMaterials: []
  m_fontMaterial: {fileID: 0}
  m_fontMaterials: []
  m_fontColor32:
    serializedVersion: 2
    rgba: 4294967295
  m_fontColor: {r: 1, g: 1, b: 1, a: 1}
  m_enableVertexGradient: 0
  m_colorMode: 3
  m_fontColorGradient:
    topLeft: {r: 1, g: 1, b: 1, a: 1}
    topRight: {r: 1, g: 1, b: 1, a: 1}
    bottomLeft: {r: 1, g: 1, b: 1, a: 1}
    bottomRight: {r: 1, g: 1, b: 1, a: 1}
  m_fontColorGradientPreset: {fileID: 0}
  m_spriteAsset: {fileID: 0}
  m_tintAllSprites: 0
  m_overrideHtmlColors: 0
  m_faceColor:
    serializedVersion: 2
    rgba: 4294967295
  m_outlineColor:
    serializedVersion: 2
    rgba: 4278190080
  m_fontSize: 180
  m_fontSizeBase: 180
  m_fontWeight: 400
  m_enableAutoSizing: 0
  m_fontSizeMin: 18
  m_fontSizeMax: 72
  m_fontStyle: 32
  m_textAlignment: 258
  m_characterSpacing: 0
  m_wordSpacing: 0
  m_lineSpacing: 0
  m_lineSpacingMax: 0
  m_paragraphSpacing: 0
  m_charWidthMaxAdj: 0
  m_enableWordWrapping: 1
  m_wordWrappingRatios: 0.4
  m_overflowMode: 0
  m_firstOverflowCharacterIndex: 21
  m_linkedTextComponent: {fileID: 0}
  m_isLinkedTextComponent: 0
  m_isTextTruncated: 0
  m_enableKerning: 1
  m_enableExtraPadding: 0
  checkPaddingRequired: 0
  m_isRichText: 1
  m_parseCtrlCharacters: 1
  m_isOrthographic: 1
  m_isCullingEnabled: 0
  m_ignoreRectMaskCulling: 0
  m_ignoreCulling: 1
  m_horizontalMapping: 0
  m_verticalMapping: 0
  m_uvLineOffset: 0
  m_geometrySortingOrder: 0
  m_VertexBufferAutoSizeReduction: 1
  m_firstVisibleCharacter: 0
  m_useMaxVisibleDescender: 1
  m_pageToDisplay: 1
  m_margin: {x: 0, y: 0, z: 0, w: 0}
  m_textInfo:
    textComponent: {fileID: 6647080965641016114}
    characterCount: 37
    spriteCount: 0
    spaceCount: 6
    wordCount: 7
    linkCount: 0
    lineCount: 4
    pageCount: 1
    materialCount: 1
  m_isUsingLegacyAnimationComponent: 0
  m_isVolumetricText: 0
  m_spriteAnimator: {fileID: 0}
  m_hasFontAssetChanged: 0
  m_subTextObjects:
  - {fileID: 0}
  - {fileID: 0}
  - {fileID: 0}
  - {fileID: 0}
  - {fileID: 0}
  - {fileID: 0}
  - {fileID: 0}
  - {fileID: 0}
  m_baseMaterial: {fileID: 0}
  m_maskOffset: {x: 0, y: 0, z: 0, w: 0}
--- !u!1 &6647080966588489549
GameObject:
  m_ObjectHideFlags: 0
  m_CorrespondingSourceObject: {fileID: 0}
  m_PrefabInstance: {fileID: 0}
  m_PrefabAsset: {fileID: 0}
  serializedVersion: 6
  m_Component:
  - component: {fileID: 6647080966588489548}
  - component: {fileID: 6647080966588489545}
  - component: {fileID: 6647080966588489551}
  - component: {fileID: 502419005762710855}
  - component: {fileID: 333749759824989992}
  m_Layer: 5
  m_Name: MainMenuScreenCanvas
  m_TagString: Untagged
  m_Icon: {fileID: 0}
  m_NavMeshLayer: 0
  m_StaticEditorFlags: 0
  m_IsActive: 1
--- !u!224 &6647080966588489548
RectTransform:
  m_ObjectHideFlags: 0
  m_CorrespondingSourceObject: {fileID: 0}
  m_PrefabInstance: {fileID: 0}
  m_PrefabAsset: {fileID: 0}
  m_GameObject: {fileID: 6647080966588489549}
  m_LocalRotation: {x: 0, y: 0, z: 0, w: 1}
  m_LocalPosition: {x: 0, y: 0, z: 0}
  m_LocalScale: {x: 1, y: 1, z: 1}
  m_Children:
  - {fileID: 5700254612366046019}
  - {fileID: 6647080965641016115}
  - {fileID: 8543311741050094355}
  m_Father: {fileID: 0}
  m_RootOrder: 0
  m_LocalEulerAnglesHint: {x: 0, y: 0, z: 0}
  m_AnchorMin: {x: 0, y: 0}
  m_AnchorMax: {x: 1, y: 1}
  m_AnchoredPosition: {x: 0, y: 0}
  m_SizeDelta: {x: 0, y: 0}
  m_Pivot: {x: 0.5, y: 0.5}
--- !u!223 &6647080966588489545
Canvas:
  m_ObjectHideFlags: 0
  m_CorrespondingSourceObject: {fileID: 0}
  m_PrefabInstance: {fileID: 0}
  m_PrefabAsset: {fileID: 0}
  m_GameObject: {fileID: 6647080966588489549}
  m_Enabled: 1
  serializedVersion: 3
  m_RenderMode: 0
  m_Camera: {fileID: 0}
  m_PlaneDistance: 100
  m_PixelPerfect: 0
  m_ReceivesEvents: 1
  m_OverrideSorting: 0
  m_OverridePixelPerfect: 0
  m_SortingBucketNormalizedSize: 0
  m_AdditionalShaderChannelsFlag: 25
  m_SortingLayerID: 0
  m_SortingOrder: 0
  m_TargetDisplay: 0
--- !u!114 &6647080966588489551
MonoBehaviour:
  m_ObjectHideFlags: 0
  m_CorrespondingSourceObject: {fileID: 0}
  m_PrefabInstance: {fileID: 0}
  m_PrefabAsset: {fileID: 0}
  m_GameObject: {fileID: 6647080966588489549}
  m_Enabled: 1
  m_EditorHideFlags: 0
  m_Script: {fileID: 11500000, guid: dc42784cf147c0c48a680349fa168899, type: 3}
  m_Name: 
  m_EditorClassIdentifier: 
  m_IgnoreReversedGraphics: 1
  m_BlockingObjects: 0
  m_BlockingMask:
    serializedVersion: 2
    m_Bits: 4294967295
--- !u!114 &502419005762710855
MonoBehaviour:
  m_ObjectHideFlags: 0
  m_CorrespondingSourceObject: {fileID: 0}
  m_PrefabInstance: {fileID: 0}
  m_PrefabAsset: {fileID: 0}
  m_GameObject: {fileID: 6647080966588489549}
  m_Enabled: 1
  m_EditorHideFlags: 0
  m_Script: {fileID: 11500000, guid: 4929af235a654bedbb60ececbcca9645, type: 3}
  m_Name: 
  m_EditorClassIdentifier: 
  _playButton: {fileID: 904544913596146689}
  _creditButton: {fileID: 2928860797109458943}
  _exitButton: {fileID: 4375519941362641898}
--- !u!82 &333749759824989992
AudioSource:
  m_ObjectHideFlags: 0
  m_CorrespondingSourceObject: {fileID: 0}
  m_PrefabInstance: {fileID: 0}
  m_PrefabAsset: {fileID: 0}
  m_GameObject: {fileID: 6647080966588489549}
  m_Enabled: 1
  serializedVersion: 4
  OutputAudioMixerGroup: {fileID: 0}
  m_audioClip: {fileID: 8300000, guid: 6972986280bbbe04981cd11303bff852, type: 3}
  m_PlayOnAwake: 1
  m_Volume: 0.2
  m_Pitch: 1
  Loop: 1
  Mute: 0
  Spatialize: 0
  SpatializePostEffects: 0
  Priority: 128
  DopplerLevel: 1
  MinDistance: 1
  MaxDistance: 500
  Pan2D: 0
  rolloffMode: 0
  BypassEffects: 0
  BypassListenerEffects: 0
  BypassReverbZones: 0
  rolloffCustomCurve:
    serializedVersion: 2
    m_Curve:
    - serializedVersion: 3
      time: 0
      value: 1
      inSlope: 0
      outSlope: 0
      tangentMode: 0
      weightedMode: 0
      inWeight: 0.33333334
      outWeight: 0.33333334
    - serializedVersion: 3
      time: 1
      value: 0
      inSlope: 0
      outSlope: 0
      tangentMode: 0
      weightedMode: 0
      inWeight: 0.33333334
      outWeight: 0.33333334
    m_PreInfinity: 2
    m_PostInfinity: 2
    m_RotationOrder: 4
  panLevelCustomCurve:
    serializedVersion: 2
    m_Curve:
    - serializedVersion: 3
      time: 0
      value: 0
      inSlope: 0
      outSlope: 0
      tangentMode: 0
      weightedMode: 0
      inWeight: 0.33333334
      outWeight: 0.33333334
    m_PreInfinity: 2
    m_PostInfinity: 2
    m_RotationOrder: 4
  spreadCustomCurve:
    serializedVersion: 2
    m_Curve:
    - serializedVersion: 3
      time: 0
      value: 0
      inSlope: 0
      outSlope: 0
      tangentMode: 0
      weightedMode: 0
      inWeight: 0.33333334
      outWeight: 0.33333334
    m_PreInfinity: 2
    m_PostInfinity: 2
    m_RotationOrder: 4
  reverbZoneMixCustomCurve:
    serializedVersion: 2
    m_Curve:
    - serializedVersion: 3
      time: 0
      value: 1
      inSlope: 0
      outSlope: 0
      tangentMode: 0
      weightedMode: 0
      inWeight: 0.33333334
      outWeight: 0.33333334
    m_PreInfinity: 2
    m_PostInfinity: 2
    m_RotationOrder: 4
--- !u!1 &7180122338955196141
GameObject:
  m_ObjectHideFlags: 0
  m_CorrespondingSourceObject: {fileID: 0}
  m_PrefabInstance: {fileID: 0}
  m_PrefabAsset: {fileID: 0}
  serializedVersion: 6
  m_Component:
  - component: {fileID: 8543311741050094355}
  - component: {fileID: 3659643452039867904}
  m_Layer: 5
  m_Name: GameObject
  m_TagString: Untagged
  m_Icon: {fileID: 0}
  m_NavMeshLayer: 0
  m_StaticEditorFlags: 0
  m_IsActive: 1
--- !u!224 &8543311741050094355
RectTransform:
  m_ObjectHideFlags: 0
  m_CorrespondingSourceObject: {fileID: 0}
  m_PrefabInstance: {fileID: 0}
  m_PrefabAsset: {fileID: 0}
  m_GameObject: {fileID: 7180122338955196141}
  m_LocalRotation: {x: 0, y: 0, z: 0, w: 1}
  m_LocalPosition: {x: 0, y: 0, z: 0}
  m_LocalScale: {x: 1, y: 1, z: 1}
  m_Children:
  - {fileID: 8767511868344300411}
  - {fileID: 6738656324657135749}
  - {fileID: 5303300194298297488}
  m_Father: {fileID: 6647080966588489548}
  m_RootOrder: 2
  m_LocalEulerAnglesHint: {x: 0, y: 0, z: 0}
  m_AnchorMin: {x: 0.5, y: 0.5}
  m_AnchorMax: {x: 0.5, y: 0.5}
  m_AnchoredPosition: {x: 0, y: 0}
  m_SizeDelta: {x: 100, y: 100}
  m_Pivot: {x: 0.5, y: 0.5}
--- !u!114 &3659643452039867904
MonoBehaviour:
  m_ObjectHideFlags: 0
  m_CorrespondingSourceObject: {fileID: 0}
  m_PrefabInstance: {fileID: 0}
  m_PrefabAsset: {fileID: 0}
  m_GameObject: {fileID: 7180122338955196141}
  m_Enabled: 1
  m_EditorHideFlags: 0
  m_Script: {fileID: 11500000, guid: 59f8146938fff824cb5fd77236b75775, type: 3}
  m_Name: 
  m_EditorClassIdentifier: 
  m_Padding:
    m_Left: 0
    m_Right: 0
    m_Top: 0
    m_Bottom: 0
  m_ChildAlignment: 4
  m_Spacing: 50
  m_ChildForceExpandWidth: 1
  m_ChildForceExpandHeight: 1
  m_ChildControlWidth: 0
  m_ChildControlHeight: 0
  m_ChildScaleWidth: 0
  m_ChildScaleHeight: 0
--- !u!1001 &4851281471598228745
PrefabInstance:
  m_ObjectHideFlags: 0
  serializedVersion: 2
  m_Modification:
    m_TransformParent: {fileID: 8543311741050094355}
    m_Modifications:
    - target: {fileID: 426086846875120152, guid: 691e5bed83422fd4994fafa9290a773e,
        type: 3}
      propertyPath: m_textInfo.characterCount
      value: 4
      objectReference: {fileID: 0}
    - target: {fileID: 426086846875120152, guid: 691e5bed83422fd4994fafa9290a773e,
        type: 3}
      propertyPath: m_textInfo.wordCount
      value: 1
      objectReference: {fileID: 0}
    - target: {fileID: 426086846875120152, guid: 691e5bed83422fd4994fafa9290a773e,
        type: 3}
      propertyPath: m_textInfo.lineCount
      value: 1
      objectReference: {fileID: 0}
    - target: {fileID: 426086846875120152, guid: 691e5bed83422fd4994fafa9290a773e,
        type: 3}
      propertyPath: m_textInfo.pageCount
      value: 1
      objectReference: {fileID: 0}
    - target: {fileID: 426086846875120152, guid: 691e5bed83422fd4994fafa9290a773e,
        type: 3}
      propertyPath: m_text
      value: Exit
      objectReference: {fileID: 0}
    - target: {fileID: 426086846875120152, guid: 691e5bed83422fd4994fafa9290a773e,
        type: 3}
      propertyPath: m_fontStyle
      value: 33
      objectReference: {fileID: 0}
    - target: {fileID: 777484077440895385, guid: 691e5bed83422fd4994fafa9290a773e,
        type: 3}
      propertyPath: m_LocalPosition.x
      value: 0
      objectReference: {fileID: 0}
    - target: {fileID: 777484077440895385, guid: 691e5bed83422fd4994fafa9290a773e,
        type: 3}
      propertyPath: m_LocalPosition.y
      value: 0
      objectReference: {fileID: 0}
    - target: {fileID: 777484077440895385, guid: 691e5bed83422fd4994fafa9290a773e,
        type: 3}
      propertyPath: m_LocalPosition.z
      value: 0
      objectReference: {fileID: 0}
    - target: {fileID: 777484077440895385, guid: 691e5bed83422fd4994fafa9290a773e,
        type: 3}
      propertyPath: m_LocalRotation.x
      value: 0
      objectReference: {fileID: 0}
    - target: {fileID: 777484077440895385, guid: 691e5bed83422fd4994fafa9290a773e,
        type: 3}
      propertyPath: m_LocalRotation.y
      value: 0
      objectReference: {fileID: 0}
    - target: {fileID: 777484077440895385, guid: 691e5bed83422fd4994fafa9290a773e,
        type: 3}
      propertyPath: m_LocalRotation.z
      value: 0
      objectReference: {fileID: 0}
    - target: {fileID: 777484077440895385, guid: 691e5bed83422fd4994fafa9290a773e,
        type: 3}
      propertyPath: m_LocalRotation.w
      value: 1
      objectReference: {fileID: 0}
    - target: {fileID: 777484077440895385, guid: 691e5bed83422fd4994fafa9290a773e,
        type: 3}
      propertyPath: m_RootOrder
      value: 2
      objectReference: {fileID: 0}
    - target: {fileID: 777484077440895385, guid: 691e5bed83422fd4994fafa9290a773e,
        type: 3}
      propertyPath: m_LocalEulerAnglesHint.x
      value: 0
      objectReference: {fileID: 0}
    - target: {fileID: 777484077440895385, guid: 691e5bed83422fd4994fafa9290a773e,
        type: 3}
      propertyPath: m_LocalEulerAnglesHint.y
      value: 0
      objectReference: {fileID: 0}
    - target: {fileID: 777484077440895385, guid: 691e5bed83422fd4994fafa9290a773e,
        type: 3}
      propertyPath: m_LocalEulerAnglesHint.z
      value: 0
      objectReference: {fileID: 0}
    - target: {fileID: 777484077440895385, guid: 691e5bed83422fd4994fafa9290a773e,
        type: 3}
      propertyPath: m_AnchoredPosition.x
      value: 0
      objectReference: {fileID: 0}
    - target: {fileID: 777484077440895385, guid: 691e5bed83422fd4994fafa9290a773e,
        type: 3}
      propertyPath: m_AnchoredPosition.y
      value: 0
      objectReference: {fileID: 0}
    - target: {fileID: 777484077440895385, guid: 691e5bed83422fd4994fafa9290a773e,
        type: 3}
      propertyPath: m_SizeDelta.x
      value: 320
      objectReference: {fileID: 0}
    - target: {fileID: 777484077440895385, guid: 691e5bed83422fd4994fafa9290a773e,
        type: 3}
      propertyPath: m_SizeDelta.y
      value: 90
      objectReference: {fileID: 0}
    - target: {fileID: 777484077440895385, guid: 691e5bed83422fd4994fafa9290a773e,
        type: 3}
      propertyPath: m_AnchorMin.x
      value: 0
      objectReference: {fileID: 0}
    - target: {fileID: 777484077440895385, guid: 691e5bed83422fd4994fafa9290a773e,
        type: 3}
      propertyPath: m_AnchorMin.y
      value: 0
      objectReference: {fileID: 0}
    - target: {fileID: 777484077440895385, guid: 691e5bed83422fd4994fafa9290a773e,
        type: 3}
      propertyPath: m_AnchorMax.x
      value: 0
      objectReference: {fileID: 0}
    - target: {fileID: 777484077440895385, guid: 691e5bed83422fd4994fafa9290a773e,
        type: 3}
      propertyPath: m_AnchorMax.y
      value: 0
      objectReference: {fileID: 0}
    - target: {fileID: 777484077440895385, guid: 691e5bed83422fd4994fafa9290a773e,
        type: 3}
      propertyPath: m_Pivot.x
      value: 0.5
      objectReference: {fileID: 0}
    - target: {fileID: 777484077440895385, guid: 691e5bed83422fd4994fafa9290a773e,
        type: 3}
      propertyPath: m_Pivot.y
      value: 0.5
      objectReference: {fileID: 0}
    - target: {fileID: 3479901901368865823, guid: 691e5bed83422fd4994fafa9290a773e,
        type: 3}
      propertyPath: m_Name
      value: ExitButton
      objectReference: {fileID: 0}
    m_RemovedComponents: []
  m_SourcePrefab: {fileID: 100100000, guid: 691e5bed83422fd4994fafa9290a773e, type: 3}
--- !u!224 &5303300194298297488 stripped
RectTransform:
  m_CorrespondingSourceObject: {fileID: 777484077440895385, guid: 691e5bed83422fd4994fafa9290a773e,
    type: 3}
  m_PrefabInstance: {fileID: 4851281471598228745}
  m_PrefabAsset: {fileID: 0}
--- !u!114 &4375519941362641898 stripped
MonoBehaviour:
  m_CorrespondingSourceObject: {fileID: 9217688660454219491, guid: 691e5bed83422fd4994fafa9290a773e,
    type: 3}
  m_PrefabInstance: {fileID: 4851281471598228745}
  m_PrefabAsset: {fileID: 0}
  m_GameObject: {fileID: 0}
  m_Enabled: 1
  m_EditorHideFlags: 0
  m_Script: {fileID: 11500000, guid: 4e29b1a8efbd4b44bb3f3716e73f07ff, type: 3}
  m_Name: 
  m_EditorClassIdentifier: 
--- !u!1001 &6291152230934628636
PrefabInstance:
  m_ObjectHideFlags: 0
  serializedVersion: 2
  m_Modification:
    m_TransformParent: {fileID: 8543311741050094355}
    m_Modifications:
    - target: {fileID: 426086846875120152, guid: 691e5bed83422fd4994fafa9290a773e,
        type: 3}
      propertyPath: m_text
      value: Credits
      objectReference: {fileID: 0}
    - target: {fileID: 426086846875120152, guid: 691e5bed83422fd4994fafa9290a773e,
        type: 3}
      propertyPath: m_textInfo.characterCount
      value: 7
      objectReference: {fileID: 0}
    - target: {fileID: 426086846875120152, guid: 691e5bed83422fd4994fafa9290a773e,
        type: 3}
      propertyPath: m_textInfo.wordCount
      value: 1
      objectReference: {fileID: 0}
    - target: {fileID: 426086846875120152, guid: 691e5bed83422fd4994fafa9290a773e,
        type: 3}
      propertyPath: m_textInfo.lineCount
      value: 1
      objectReference: {fileID: 0}
    - target: {fileID: 426086846875120152, guid: 691e5bed83422fd4994fafa9290a773e,
        type: 3}
      propertyPath: m_textInfo.pageCount
      value: 1
      objectReference: {fileID: 0}
    - target: {fileID: 426086846875120152, guid: 691e5bed83422fd4994fafa9290a773e,
        type: 3}
      propertyPath: m_fontStyle
      value: 33
      objectReference: {fileID: 0}
    - target: {fileID: 426086846875120152, guid: 691e5bed83422fd4994fafa9290a773e,
        type: 3}
      propertyPath: m_textInfo.spaceCount
      value: 0
      objectReference: {fileID: 0}
    - target: {fileID: 777484077440895385, guid: 691e5bed83422fd4994fafa9290a773e,
        type: 3}
      propertyPath: m_LocalPosition.x
      value: 0
      objectReference: {fileID: 0}
    - target: {fileID: 777484077440895385, guid: 691e5bed83422fd4994fafa9290a773e,
        type: 3}
      propertyPath: m_LocalPosition.y
      value: 0
      objectReference: {fileID: 0}
    - target: {fileID: 777484077440895385, guid: 691e5bed83422fd4994fafa9290a773e,
        type: 3}
      propertyPath: m_LocalPosition.z
      value: 0
      objectReference: {fileID: 0}
    - target: {fileID: 777484077440895385, guid: 691e5bed83422fd4994fafa9290a773e,
        type: 3}
      propertyPath: m_LocalRotation.x
      value: 0
      objectReference: {fileID: 0}
    - target: {fileID: 777484077440895385, guid: 691e5bed83422fd4994fafa9290a773e,
        type: 3}
      propertyPath: m_LocalRotation.y
      value: 0
      objectReference: {fileID: 0}
    - target: {fileID: 777484077440895385, guid: 691e5bed83422fd4994fafa9290a773e,
        type: 3}
      propertyPath: m_LocalRotation.z
      value: 0
      objectReference: {fileID: 0}
    - target: {fileID: 777484077440895385, guid: 691e5bed83422fd4994fafa9290a773e,
        type: 3}
      propertyPath: m_LocalRotation.w
      value: 1
      objectReference: {fileID: 0}
    - target: {fileID: 777484077440895385, guid: 691e5bed83422fd4994fafa9290a773e,
        type: 3}
      propertyPath: m_RootOrder
      value: 1
      objectReference: {fileID: 0}
    - target: {fileID: 777484077440895385, guid: 691e5bed83422fd4994fafa9290a773e,
        type: 3}
      propertyPath: m_LocalEulerAnglesHint.x
      value: 0
      objectReference: {fileID: 0}
    - target: {fileID: 777484077440895385, guid: 691e5bed83422fd4994fafa9290a773e,
        type: 3}
      propertyPath: m_LocalEulerAnglesHint.y
      value: 0
      objectReference: {fileID: 0}
    - target: {fileID: 777484077440895385, guid: 691e5bed83422fd4994fafa9290a773e,
        type: 3}
      propertyPath: m_LocalEulerAnglesHint.z
      value: 0
      objectReference: {fileID: 0}
    - target: {fileID: 777484077440895385, guid: 691e5bed83422fd4994fafa9290a773e,
        type: 3}
      propertyPath: m_AnchoredPosition.x
      value: 0
      objectReference: {fileID: 0}
    - target: {fileID: 777484077440895385, guid: 691e5bed83422fd4994fafa9290a773e,
        type: 3}
      propertyPath: m_AnchoredPosition.y
      value: 0
      objectReference: {fileID: 0}
    - target: {fileID: 777484077440895385, guid: 691e5bed83422fd4994fafa9290a773e,
        type: 3}
      propertyPath: m_SizeDelta.x
      value: 320
      objectReference: {fileID: 0}
    - target: {fileID: 777484077440895385, guid: 691e5bed83422fd4994fafa9290a773e,
        type: 3}
      propertyPath: m_SizeDelta.y
      value: 90
      objectReference: {fileID: 0}
    - target: {fileID: 777484077440895385, guid: 691e5bed83422fd4994fafa9290a773e,
        type: 3}
      propertyPath: m_AnchorMin.x
      value: 0
      objectReference: {fileID: 0}
    - target: {fileID: 777484077440895385, guid: 691e5bed83422fd4994fafa9290a773e,
        type: 3}
      propertyPath: m_AnchorMin.y
      value: 0
      objectReference: {fileID: 0}
    - target: {fileID: 777484077440895385, guid: 691e5bed83422fd4994fafa9290a773e,
        type: 3}
      propertyPath: m_AnchorMax.x
      value: 0
      objectReference: {fileID: 0}
    - target: {fileID: 777484077440895385, guid: 691e5bed83422fd4994fafa9290a773e,
        type: 3}
      propertyPath: m_AnchorMax.y
      value: 0
      objectReference: {fileID: 0}
    - target: {fileID: 777484077440895385, guid: 691e5bed83422fd4994fafa9290a773e,
        type: 3}
      propertyPath: m_Pivot.x
      value: 0.5
      objectReference: {fileID: 0}
    - target: {fileID: 777484077440895385, guid: 691e5bed83422fd4994fafa9290a773e,
        type: 3}
      propertyPath: m_Pivot.y
      value: 0.5
      objectReference: {fileID: 0}
    - target: {fileID: 3479901901368865823, guid: 691e5bed83422fd4994fafa9290a773e,
        type: 3}
      propertyPath: m_Name
      value: CreditButton
      objectReference: {fileID: 0}
    m_RemovedComponents: []
  m_SourcePrefab: {fileID: 100100000, guid: 691e5bed83422fd4994fafa9290a773e, type: 3}
--- !u!224 &6738656324657135749 stripped
RectTransform:
  m_CorrespondingSourceObject: {fileID: 777484077440895385, guid: 691e5bed83422fd4994fafa9290a773e,
    type: 3}
  m_PrefabInstance: {fileID: 6291152230934628636}
  m_PrefabAsset: {fileID: 0}
--- !u!114 &2928860797109458943 stripped
MonoBehaviour:
  m_CorrespondingSourceObject: {fileID: 9217688660454219491, guid: 691e5bed83422fd4994fafa9290a773e,
    type: 3}
  m_PrefabInstance: {fileID: 6291152230934628636}
  m_PrefabAsset: {fileID: 0}
  m_GameObject: {fileID: 0}
  m_Enabled: 1
  m_EditorHideFlags: 0
  m_Script: {fileID: 11500000, guid: 4e29b1a8efbd4b44bb3f3716e73f07ff, type: 3}
  m_Name: 
  m_EditorClassIdentifier: 
--- !u!1001 &8315430732194249442
PrefabInstance:
  m_ObjectHideFlags: 0
  serializedVersion: 2
  m_Modification:
    m_TransformParent: {fileID: 8543311741050094355}
    m_Modifications:
    - target: {fileID: 426086846875120152, guid: 691e5bed83422fd4994fafa9290a773e,
        type: 3}
      propertyPath: m_text
      value: Play
      objectReference: {fileID: 0}
    - target: {fileID: 426086846875120152, guid: 691e5bed83422fd4994fafa9290a773e,
        type: 3}
      propertyPath: m_textInfo.characterCount
      value: 4
      objectReference: {fileID: 0}
    - target: {fileID: 426086846875120152, guid: 691e5bed83422fd4994fafa9290a773e,
        type: 3}
      propertyPath: m_textInfo.wordCount
      value: 1
      objectReference: {fileID: 0}
    - target: {fileID: 426086846875120152, guid: 691e5bed83422fd4994fafa9290a773e,
        type: 3}
      propertyPath: m_textInfo.lineCount
      value: 1
      objectReference: {fileID: 0}
    - target: {fileID: 426086846875120152, guid: 691e5bed83422fd4994fafa9290a773e,
        type: 3}
      propertyPath: m_textInfo.pageCount
      value: 1
      objectReference: {fileID: 0}
    - target: {fileID: 426086846875120152, guid: 691e5bed83422fd4994fafa9290a773e,
        type: 3}
      propertyPath: m_fontStyle
      value: 33
      objectReference: {fileID: 0}
    - target: {fileID: 777484077440895385, guid: 691e5bed83422fd4994fafa9290a773e,
        type: 3}
      propertyPath: m_LocalPosition.x
      value: 0
      objectReference: {fileID: 0}
    - target: {fileID: 777484077440895385, guid: 691e5bed83422fd4994fafa9290a773e,
        type: 3}
      propertyPath: m_LocalPosition.y
      value: 0
      objectReference: {fileID: 0}
    - target: {fileID: 777484077440895385, guid: 691e5bed83422fd4994fafa9290a773e,
        type: 3}
      propertyPath: m_LocalPosition.z
      value: 0
      objectReference: {fileID: 0}
    - target: {fileID: 777484077440895385, guid: 691e5bed83422fd4994fafa9290a773e,
        type: 3}
      propertyPath: m_LocalRotation.x
      value: 0
      objectReference: {fileID: 0}
    - target: {fileID: 777484077440895385, guid: 691e5bed83422fd4994fafa9290a773e,
        type: 3}
      propertyPath: m_LocalRotation.y
      value: 0
      objectReference: {fileID: 0}
    - target: {fileID: 777484077440895385, guid: 691e5bed83422fd4994fafa9290a773e,
        type: 3}
      propertyPath: m_LocalRotation.z
      value: 0
      objectReference: {fileID: 0}
    - target: {fileID: 777484077440895385, guid: 691e5bed83422fd4994fafa9290a773e,
        type: 3}
      propertyPath: m_LocalRotation.w
      value: 1
      objectReference: {fileID: 0}
    - target: {fileID: 777484077440895385, guid: 691e5bed83422fd4994fafa9290a773e,
        type: 3}
      propertyPath: m_RootOrder
      value: 0
      objectReference: {fileID: 0}
    - target: {fileID: 777484077440895385, guid: 691e5bed83422fd4994fafa9290a773e,
        type: 3}
      propertyPath: m_LocalEulerAnglesHint.x
      value: 0
      objectReference: {fileID: 0}
    - target: {fileID: 777484077440895385, guid: 691e5bed83422fd4994fafa9290a773e,
        type: 3}
      propertyPath: m_LocalEulerAnglesHint.y
      value: 0
      objectReference: {fileID: 0}
    - target: {fileID: 777484077440895385, guid: 691e5bed83422fd4994fafa9290a773e,
        type: 3}
      propertyPath: m_LocalEulerAnglesHint.z
      value: 0
      objectReference: {fileID: 0}
    - target: {fileID: 777484077440895385, guid: 691e5bed83422fd4994fafa9290a773e,
        type: 3}
      propertyPath: m_AnchoredPosition.x
      value: 0
      objectReference: {fileID: 0}
    - target: {fileID: 777484077440895385, guid: 691e5bed83422fd4994fafa9290a773e,
        type: 3}
      propertyPath: m_AnchoredPosition.y
      value: 0
      objectReference: {fileID: 0}
    - target: {fileID: 777484077440895385, guid: 691e5bed83422fd4994fafa9290a773e,
        type: 3}
      propertyPath: m_SizeDelta.x
      value: 320
      objectReference: {fileID: 0}
    - target: {fileID: 777484077440895385, guid: 691e5bed83422fd4994fafa9290a773e,
        type: 3}
      propertyPath: m_SizeDelta.y
      value: 90
      objectReference: {fileID: 0}
    - target: {fileID: 777484077440895385, guid: 691e5bed83422fd4994fafa9290a773e,
        type: 3}
      propertyPath: m_AnchorMin.x
      value: 0
      objectReference: {fileID: 0}
    - target: {fileID: 777484077440895385, guid: 691e5bed83422fd4994fafa9290a773e,
        type: 3}
      propertyPath: m_AnchorMin.y
      value: 0
      objectReference: {fileID: 0}
    - target: {fileID: 777484077440895385, guid: 691e5bed83422fd4994fafa9290a773e,
        type: 3}
      propertyPath: m_AnchorMax.x
      value: 0
      objectReference: {fileID: 0}
    - target: {fileID: 777484077440895385, guid: 691e5bed83422fd4994fafa9290a773e,
        type: 3}
      propertyPath: m_AnchorMax.y
      value: 0
      objectReference: {fileID: 0}
    - target: {fileID: 777484077440895385, guid: 691e5bed83422fd4994fafa9290a773e,
        type: 3}
      propertyPath: m_Pivot.x
      value: 0.5
      objectReference: {fileID: 0}
    - target: {fileID: 777484077440895385, guid: 691e5bed83422fd4994fafa9290a773e,
        type: 3}
      propertyPath: m_Pivot.y
      value: 0.5
      objectReference: {fileID: 0}
    - target: {fileID: 3479901901368865823, guid: 691e5bed83422fd4994fafa9290a773e,
        type: 3}
      propertyPath: m_Name
      value: PlayButton
      objectReference: {fileID: 0}
    m_RemovedComponents: []
  m_SourcePrefab: {fileID: 100100000, guid: 691e5bed83422fd4994fafa9290a773e, type: 3}
--- !u!224 &8767511868344300411 stripped
RectTransform:
  m_CorrespondingSourceObject: {fileID: 777484077440895385, guid: 691e5bed83422fd4994fafa9290a773e,
    type: 3}
  m_PrefabInstance: {fileID: 8315430732194249442}
  m_PrefabAsset: {fileID: 0}
--- !u!114 &904544913596146689 stripped
MonoBehaviour:
  m_CorrespondingSourceObject: {fileID: 9217688660454219491, guid: 691e5bed83422fd4994fafa9290a773e,
    type: 3}
  m_PrefabInstance: {fileID: 8315430732194249442}
  m_PrefabAsset: {fileID: 0}
  m_GameObject: {fileID: 0}
  m_Enabled: 1
  m_EditorHideFlags: 0
  m_Script: {fileID: 11500000, guid: 4e29b1a8efbd4b44bb3f3716e73f07ff, type: 3}
  m_Name: 
  m_EditorClassIdentifier: 
