%YAML 1.1
%TAG !u! tag:unity3d.com,2011:
--- !u!135 &1166763124752305955
SphereCollider:
  m_ObjectHideFlags: 0
  m_CorrespondingSourceObject: {fileID: 0}
  m_PrefabInstance: {fileID: 0}
  m_PrefabAsset: {fileID: 0}
  m_GameObject: {fileID: 6375683153035790941}
  m_Material: {fileID: 0}
  m_IsTrigger: 0
  m_Enabled: 1
  serializedVersion: 2
  m_Radius: 2.92
  m_Center: {x: 0.059046775, y: -0.15, z: 0.18}
--- !u!135 &7107564923760068019
SphereCollider:
  m_ObjectHideFlags: 0
  m_CorrespondingSourceObject: {fileID: 0}
  m_PrefabInstance: {fileID: 0}
  m_PrefabAsset: {fileID: 0}
  m_GameObject: {fileID: 8794956188928264978}
  m_Material: {fileID: 0}
  m_IsTrigger: 0
  m_Enabled: 1
  serializedVersion: 2
  m_Radius: 2.4796207
  m_Center: {x: 0.059046775, y: -0.061578874, z: -0.17823905}
--- !u!135 &1977563067490232507
SphereCollider:
  m_ObjectHideFlags: 0
  m_CorrespondingSourceObject: {fileID: 0}
  m_PrefabInstance: {fileID: 0}
  m_PrefabAsset: {fileID: 0}
  m_GameObject: {fileID: 6879425693641500285}
  m_Material: {fileID: 0}
  m_IsTrigger: 0
  m_Enabled: 1
  serializedVersion: 2
  m_Radius: 2.4796207
  m_Center: {x: 0.059046775, y: -0.061578874, z: -0.17823905}
--- !u!135 &2689337058433280906
SphereCollider:
  m_ObjectHideFlags: 0
  m_CorrespondingSourceObject: {fileID: 0}
  m_PrefabInstance: {fileID: 0}
  m_PrefabAsset: {fileID: 0}
  m_GameObject: {fileID: 1512471475097500406}
  m_Material: {fileID: 0}
  m_IsTrigger: 0
  m_Enabled: 1
  serializedVersion: 2
  m_Radius: 2.4796195
  m_Center: {x: 0.059045315, y: -0.061576955, z: -0.17823994}
--- !u!64 &1792323675
MeshCollider:
  m_ObjectHideFlags: 0
  m_CorrespondingSourceObject: {fileID: 0}
  m_PrefabInstance: {fileID: 0}
  m_PrefabAsset: {fileID: 0}
  m_GameObject: {fileID: 383348549158035889}
  m_Material: {fileID: 0}
  m_IsTrigger: 0
  m_Enabled: 1
  serializedVersion: 4
  m_Convex: 0
  m_CookingOptions: 30
  m_Mesh: {fileID: 1445429886155621308, guid: 5ab50235e0d9ba040abf80e18aea4a03, type: 3}
--- !u!114 &1792323674
MonoBehaviour:
  m_ObjectHideFlags: 0
  m_CorrespondingSourceObject: {fileID: 0}
  m_PrefabInstance: {fileID: 0}
  m_PrefabAsset: {fileID: 0}
  m_GameObject: {fileID: 383348549158035889}
  m_Enabled: 1
  m_EditorHideFlags: 0
  m_Script: {fileID: 11500000, guid: 7a5ac11cc976e418e8d13136b07e1f52, type: 3}
  m_Name: 
  m_EditorClassIdentifier: 
  m_AgentTypeID: 0
  m_CollectObjects: 0
  m_Size: {x: 10, y: 10, z: 10}
  m_Center: {x: 0, y: 2, z: 0}
  m_LayerMask:
    serializedVersion: 2
    m_Bits: 4294967295
  m_UseGeometry: 0
  m_DefaultArea: 0
  m_IgnoreNavMeshAgent: 1
  m_IgnoreNavMeshObstacle: 1
  m_OverrideTileSize: 0
  m_TileSize: 256
  m_OverrideVoxelSize: 0
  m_VoxelSize: 0.16666667
  m_BuildHeightMesh: 0
  m_NavMeshData: {fileID: 0}
--- !u!65 &5182471310325843012
BoxCollider:
  m_ObjectHideFlags: 0
  m_CorrespondingSourceObject: {fileID: 0}
  m_PrefabInstance: {fileID: 0}
  m_PrefabAsset: {fileID: 0}
  m_GameObject: {fileID: 8758263953729198542}
  m_Material: {fileID: 0}
  m_IsTrigger: 0
  m_Enabled: 1
  serializedVersion: 2
  m_Size: {x: 1.7065696, y: 2.2260518, z: 6.435007}
  m_Center: {x: -0.000001955293, y: 0.00000009588908, z: 3.2175026}
--- !u!65 &5785653683876220199
BoxCollider:
  m_ObjectHideFlags: 0
  m_CorrespondingSourceObject: {fileID: 0}
  m_PrefabInstance: {fileID: 0}
  m_PrefabAsset: {fileID: 0}
  m_GameObject: {fileID: 105553669345887358}
  m_Material: {fileID: 0}
  m_IsTrigger: 0
  m_Enabled: 1
  serializedVersion: 2
  m_Size: {x: 19.535202, y: 17.52865, z: 10.812223}
  m_Center: {x: -5.892399, y: 0, z: 5.4060793}
--- !u!65 &3863055801903543323
BoxCollider:
  m_ObjectHideFlags: 0
  m_CorrespondingSourceObject: {fileID: 0}
  m_PrefabInstance: {fileID: 0}
  m_PrefabAsset: {fileID: 0}
  m_GameObject: {fileID: 952151215836622882}
  m_Material: {fileID: 0}
  m_IsTrigger: 0
  m_Enabled: 1
  serializedVersion: 2
  m_Size: {x: 1.7065694, y: 2.2260525, z: 9.481767}
  m_Center: {x: 0, y: 0, z: 4.7408834}
--- !u!65 &6133536583082474231
BoxCollider:
  m_ObjectHideFlags: 0
  m_CorrespondingSourceObject: {fileID: 0}
  m_PrefabInstance: {fileID: 0}
  m_PrefabAsset: {fileID: 0}
  m_GameObject: {fileID: 417339899169371974}
  m_Material: {fileID: 0}
  m_IsTrigger: 0
  m_Enabled: 1
  serializedVersion: 2
  m_Size: {x: 1.7065694, y: 2.226052, z: 9.481765}
  m_Center: {x: 0, y: 0, z: 4.7408824}
--- !u!1001 &773613218894110825
PrefabInstance:
  m_ObjectHideFlags: 0
  serializedVersion: 2
  m_Modification:
    m_TransformParent: {fileID: 0}
    m_Modifications:
    - target: {fileID: -8987635396942131247, guid: 5ab50235e0d9ba040abf80e18aea4a03,
        type: 3}
      propertyPath: m_StaticEditorFlags
      value: 4294967295
      objectReference: {fileID: 0}
    - target: {fileID: -8960588418184508599, guid: 5ab50235e0d9ba040abf80e18aea4a03,
        type: 3}
      propertyPath: m_StaticEditorFlags
      value: 4294967295
      objectReference: {fileID: 0}
    - target: {fileID: -8805765813463392356, guid: 5ab50235e0d9ba040abf80e18aea4a03,
        type: 3}
      propertyPath: m_StaticEditorFlags
      value: 4294967295
      objectReference: {fileID: 0}
    - target: {fileID: -8308755086822773536, guid: 5ab50235e0d9ba040abf80e18aea4a03,
        type: 3}
      propertyPath: m_StaticEditorFlags
      value: 4294967295
      objectReference: {fileID: 0}
    - target: {fileID: -8235228357224690950, guid: 5ab50235e0d9ba040abf80e18aea4a03,
        type: 3}
      propertyPath: m_StaticEditorFlags
      value: 4294967295
      objectReference: {fileID: 0}
    - target: {fileID: -8101661559016271867, guid: 5ab50235e0d9ba040abf80e18aea4a03,
        type: 3}
      propertyPath: m_StaticEditorFlags
      value: 4294967295
      objectReference: {fileID: 0}
    - target: {fileID: -8075657378008989224, guid: 5ab50235e0d9ba040abf80e18aea4a03,
        type: 3}
      propertyPath: m_StaticEditorFlags
      value: 4294967295
      objectReference: {fileID: 0}
    - target: {fileID: -7447113271708803837, guid: 5ab50235e0d9ba040abf80e18aea4a03,
        type: 3}
      propertyPath: m_StaticEditorFlags
      value: 4294967295
      objectReference: {fileID: 0}
    - target: {fileID: -5710879084545700759, guid: 5ab50235e0d9ba040abf80e18aea4a03,
        type: 3}
      propertyPath: m_StaticEditorFlags
      value: 4294967295
      objectReference: {fileID: 0}
    - target: {fileID: -5192248097480016007, guid: 5ab50235e0d9ba040abf80e18aea4a03,
        type: 3}
      propertyPath: m_StaticEditorFlags
      value: 4294967295
      objectReference: {fileID: 0}
    - target: {fileID: -4664310945013901699, guid: 5ab50235e0d9ba040abf80e18aea4a03,
        type: 3}
      propertyPath: m_StaticEditorFlags
      value: 4294967295
      objectReference: {fileID: 0}
    - target: {fileID: -4216859302048453862, guid: 5ab50235e0d9ba040abf80e18aea4a03,
        type: 3}
      propertyPath: m_LocalPosition.x
      value: -27.86
      objectReference: {fileID: 0}
    - target: {fileID: -4216859302048453862, guid: 5ab50235e0d9ba040abf80e18aea4a03,
        type: 3}
      propertyPath: m_LocalPosition.y
      value: -0.19
      objectReference: {fileID: 0}
    - target: {fileID: -4216859302048453862, guid: 5ab50235e0d9ba040abf80e18aea4a03,
        type: 3}
      propertyPath: m_LocalPosition.z
      value: -6.57
      objectReference: {fileID: 0}
    - target: {fileID: -4216859302048453862, guid: 5ab50235e0d9ba040abf80e18aea4a03,
        type: 3}
      propertyPath: m_LocalRotation.x
      value: 0
      objectReference: {fileID: 0}
    - target: {fileID: -4216859302048453862, guid: 5ab50235e0d9ba040abf80e18aea4a03,
        type: 3}
      propertyPath: m_LocalRotation.y
      value: 0
      objectReference: {fileID: 0}
    - target: {fileID: -4216859302048453862, guid: 5ab50235e0d9ba040abf80e18aea4a03,
        type: 3}
      propertyPath: m_LocalRotation.z
      value: 0
      objectReference: {fileID: 0}
    - target: {fileID: -4216859302048453862, guid: 5ab50235e0d9ba040abf80e18aea4a03,
        type: 3}
      propertyPath: m_LocalRotation.w
      value: 1
      objectReference: {fileID: 0}
    - target: {fileID: -4216859302048453862, guid: 5ab50235e0d9ba040abf80e18aea4a03,
        type: 3}
      propertyPath: m_RootOrder
      value: 0
      objectReference: {fileID: 0}
    - target: {fileID: -4216859302048453862, guid: 5ab50235e0d9ba040abf80e18aea4a03,
        type: 3}
      propertyPath: m_LocalEulerAnglesHint.x
      value: 0
      objectReference: {fileID: 0}
    - target: {fileID: -4216859302048453862, guid: 5ab50235e0d9ba040abf80e18aea4a03,
        type: 3}
      propertyPath: m_LocalEulerAnglesHint.y
      value: 0
      objectReference: {fileID: 0}
    - target: {fileID: -4216859302048453862, guid: 5ab50235e0d9ba040abf80e18aea4a03,
        type: 3}
      propertyPath: m_LocalEulerAnglesHint.z
      value: 0
      objectReference: {fileID: 0}
    - target: {fileID: -3889292299853385014, guid: 5ab50235e0d9ba040abf80e18aea4a03,
        type: 3}
      propertyPath: m_StaticEditorFlags
      value: 4294967295
      objectReference: {fileID: 0}
    - target: {fileID: -3455207355071549902, guid: 5ab50235e0d9ba040abf80e18aea4a03,
        type: 3}
      propertyPath: m_StaticEditorFlags
      value: 4294967295
      objectReference: {fileID: 0}
    - target: {fileID: -3386217671816951904, guid: 5ab50235e0d9ba040abf80e18aea4a03,
        type: 3}
      propertyPath: m_StaticEditorFlags
      value: 4294967295
      objectReference: {fileID: 0}
    - target: {fileID: -3258751168458855884, guid: 5ab50235e0d9ba040abf80e18aea4a03,
        type: 3}
      propertyPath: m_StaticEditorFlags
      value: 4294967295
      objectReference: {fileID: 0}
    - target: {fileID: -3169139469256527333, guid: 5ab50235e0d9ba040abf80e18aea4a03,
        type: 3}
      propertyPath: m_StaticEditorFlags
      value: 4294967295
      objectReference: {fileID: 0}
    - target: {fileID: -3043082978012396012, guid: 5ab50235e0d9ba040abf80e18aea4a03,
        type: 3}
      propertyPath: m_StaticEditorFlags
      value: 4294967295
      objectReference: {fileID: 0}
    - target: {fileID: -2764380284738488796, guid: 5ab50235e0d9ba040abf80e18aea4a03,
        type: 3}
      propertyPath: m_StaticEditorFlags
      value: 4294967295
      objectReference: {fileID: 0}
    - target: {fileID: -2504152642871898307, guid: 5ab50235e0d9ba040abf80e18aea4a03,
        type: 3}
      propertyPath: m_StaticEditorFlags
      value: 4294967295
      objectReference: {fileID: 0}
    - target: {fileID: -1873789449457520500, guid: 5ab50235e0d9ba040abf80e18aea4a03,
        type: 3}
      propertyPath: m_StaticEditorFlags
      value: 4294967295
      objectReference: {fileID: 0}
    - target: {fileID: -1102929932896720005, guid: 5ab50235e0d9ba040abf80e18aea4a03,
        type: 3}
      propertyPath: m_StaticEditorFlags
      value: 4294967295
      objectReference: {fileID: 0}
    - target: {fileID: -927199367670048503, guid: 5ab50235e0d9ba040abf80e18aea4a03,
        type: 3}
      propertyPath: m_Name
      value: Temple_Entrance01
      objectReference: {fileID: 0}
    - target: {fileID: -927199367670048503, guid: 5ab50235e0d9ba040abf80e18aea4a03,
        type: 3}
      propertyPath: m_StaticEditorFlags
      value: 4294967295
      objectReference: {fileID: 0}
    - target: {fileID: -785672902500978488, guid: 5ab50235e0d9ba040abf80e18aea4a03,
        type: 3}
      propertyPath: m_StaticEditorFlags
      value: 4294967295
      objectReference: {fileID: 0}
    - target: {fileID: -7383560499895222, guid: 5ab50235e0d9ba040abf80e18aea4a03,
        type: 3}
      propertyPath: m_StaticEditorFlags
      value: 4294967295
      objectReference: {fileID: 0}
    - target: {fileID: 30621551448417118, guid: 5ab50235e0d9ba040abf80e18aea4a03,
        type: 3}
      propertyPath: m_StaticEditorFlags
      value: 4294967295
      objectReference: {fileID: 0}
    - target: {fileID: 36388530212164931, guid: 5ab50235e0d9ba040abf80e18aea4a03,
        type: 3}
      propertyPath: m_StaticEditorFlags
      value: 4294967295
      objectReference: {fileID: 0}
    - target: {fileID: 261285317285879929, guid: 5ab50235e0d9ba040abf80e18aea4a03,
        type: 3}
      propertyPath: m_StaticEditorFlags
      value: 4294967295
      objectReference: {fileID: 0}
    - target: {fileID: 447449743652341586, guid: 5ab50235e0d9ba040abf80e18aea4a03,
        type: 3}
      propertyPath: m_StaticEditorFlags
      value: 4294967295
      objectReference: {fileID: 0}
    - target: {fileID: 543481329482666059, guid: 5ab50235e0d9ba040abf80e18aea4a03,
        type: 3}
      propertyPath: m_StaticEditorFlags
      value: 4294967295
      objectReference: {fileID: 0}
    - target: {fileID: 849893486363878423, guid: 5ab50235e0d9ba040abf80e18aea4a03,
        type: 3}
      propertyPath: m_StaticEditorFlags
      value: 4294967295
      objectReference: {fileID: 0}
    - target: {fileID: 1114321443428800303, guid: 5ab50235e0d9ba040abf80e18aea4a03,
        type: 3}
      propertyPath: m_StaticEditorFlags
      value: 4294967295
      objectReference: {fileID: 0}
    - target: {fileID: 2180038902023330463, guid: 5ab50235e0d9ba040abf80e18aea4a03,
        type: 3}
      propertyPath: m_StaticEditorFlags
      value: 4294967295
      objectReference: {fileID: 0}
    - target: {fileID: 2244765500330958847, guid: 5ab50235e0d9ba040abf80e18aea4a03,
        type: 3}
      propertyPath: m_StaticEditorFlags
      value: 4294967295
      objectReference: {fileID: 0}
    - target: {fileID: 2792070861884188490, guid: 5ab50235e0d9ba040abf80e18aea4a03,
        type: 3}
      propertyPath: m_StaticEditorFlags
      value: 4294967295
      objectReference: {fileID: 0}
    - target: {fileID: 3185614309408935456, guid: 5ab50235e0d9ba040abf80e18aea4a03,
        type: 3}
      propertyPath: m_StaticEditorFlags
      value: 4294967295
      objectReference: {fileID: 0}
    - target: {fileID: 3407189970328947030, guid: 5ab50235e0d9ba040abf80e18aea4a03,
        type: 3}
      propertyPath: m_StaticEditorFlags
      value: 4294967295
      objectReference: {fileID: 0}
    - target: {fileID: 3917042706453844172, guid: 5ab50235e0d9ba040abf80e18aea4a03,
        type: 3}
      propertyPath: m_StaticEditorFlags
      value: 4294967295
      objectReference: {fileID: 0}
    - target: {fileID: 5154069579893914160, guid: 5ab50235e0d9ba040abf80e18aea4a03,
        type: 3}
      propertyPath: m_StaticEditorFlags
      value: 4294967295
      objectReference: {fileID: 0}
    - target: {fileID: 5509356144362050877, guid: 5ab50235e0d9ba040abf80e18aea4a03,
        type: 3}
      propertyPath: m_StaticEditorFlags
      value: 4294967295
      objectReference: {fileID: 0}
    - target: {fileID: 5759302581781762617, guid: 5ab50235e0d9ba040abf80e18aea4a03,
        type: 3}
      propertyPath: m_StaticEditorFlags
      value: 4294967295
      objectReference: {fileID: 0}
    - target: {fileID: 6163037052016284617, guid: 5ab50235e0d9ba040abf80e18aea4a03,
        type: 3}
      propertyPath: m_StaticEditorFlags
      value: 4294967295
      objectReference: {fileID: 0}
    - target: {fileID: 6485330912158356611, guid: 5ab50235e0d9ba040abf80e18aea4a03,
        type: 3}
      propertyPath: m_StaticEditorFlags
      value: 4294967295
      objectReference: {fileID: 0}
    - target: {fileID: 6566503695905376979, guid: 5ab50235e0d9ba040abf80e18aea4a03,
        type: 3}
      propertyPath: m_StaticEditorFlags
      value: 4294967295
      objectReference: {fileID: 0}
    - target: {fileID: 7526438453128746318, guid: 5ab50235e0d9ba040abf80e18aea4a03,
        type: 3}
      propertyPath: m_StaticEditorFlags
      value: 4294967295
      objectReference: {fileID: 0}
    - target: {fileID: 7843279992926758726, guid: 5ab50235e0d9ba040abf80e18aea4a03,
        type: 3}
      propertyPath: m_StaticEditorFlags
      value: 4294967295
      objectReference: {fileID: 0}
    - target: {fileID: 8068619489782646558, guid: 5ab50235e0d9ba040abf80e18aea4a03,
        type: 3}
      propertyPath: m_StaticEditorFlags
      value: 4294967295
      objectReference: {fileID: 0}
    - target: {fileID: 8302376799448988071, guid: 5ab50235e0d9ba040abf80e18aea4a03,
        type: 3}
      propertyPath: m_StaticEditorFlags
      value: 4294967295
      objectReference: {fileID: 0}
    - target: {fileID: 8878282624808032963, guid: 5ab50235e0d9ba040abf80e18aea4a03,
        type: 3}
      propertyPath: m_StaticEditorFlags
      value: 4294967295
      objectReference: {fileID: 0}
    - target: {fileID: 9014568696438923119, guid: 5ab50235e0d9ba040abf80e18aea4a03,
        type: 3}
      propertyPath: m_StaticEditorFlags
      value: 4294967295
      objectReference: {fileID: 0}
    m_RemovedComponents: []
  m_SourcePrefab: {fileID: 100100000, guid: 5ab50235e0d9ba040abf80e18aea4a03, type: 3}
--- !u!1 &6375683153035790941 stripped
GameObject:
  m_CorrespondingSourceObject: {fileID: -3258751168458855884, guid: 5ab50235e0d9ba040abf80e18aea4a03,
    type: 3}
  m_PrefabInstance: {fileID: 773613218894110825}
  m_PrefabAsset: {fileID: 0}
--- !u!1 &8794956188928264978 stripped
GameObject:
  m_CorrespondingSourceObject: {fileID: -1102929932896720005, guid: 5ab50235e0d9ba040abf80e18aea4a03,
    type: 3}
  m_PrefabInstance: {fileID: 773613218894110825}
  m_PrefabAsset: {fileID: 0}
--- !u!1 &6879425693641500285 stripped
GameObject:
  m_CorrespondingSourceObject: {fileID: -3043082978012396012, guid: 5ab50235e0d9ba040abf80e18aea4a03,
    type: 3}
  m_PrefabInstance: {fileID: 773613218894110825}
  m_PrefabAsset: {fileID: 0}
--- !u!1 &1512471475097500406 stripped
GameObject:
  m_CorrespondingSourceObject: {fileID: 2180038902023330463, guid: 5ab50235e0d9ba040abf80e18aea4a03,
    type: 3}
  m_PrefabInstance: {fileID: 773613218894110825}
  m_PrefabAsset: {fileID: 0}
--- !u!1 &383348549158035889 stripped
GameObject:
  m_CorrespondingSourceObject: {fileID: -8075657378008989224, guid: 5ab50235e0d9ba040abf80e18aea4a03,
    type: 3}
  m_PrefabInstance: {fileID: 773613218894110825}
  m_PrefabAsset: {fileID: 0}
--- !u!1 &8758263953729198542 stripped
GameObject:
  m_CorrespondingSourceObject: {fileID: 8302376799448988071, guid: 5ab50235e0d9ba040abf80e18aea4a03,
    type: 3}
  m_PrefabInstance: {fileID: 773613218894110825}
  m_PrefabAsset: {fileID: 0}
--- !u!1 &105553669345887358 stripped
GameObject:
  m_CorrespondingSourceObject: {fileID: 849893486363878423, guid: 5ab50235e0d9ba040abf80e18aea4a03,
    type: 3}
  m_PrefabInstance: {fileID: 773613218894110825}
  m_PrefabAsset: {fileID: 0}
--- !u!1 &952151215836622882 stripped
GameObject:
  m_CorrespondingSourceObject: {fileID: 543481329482666059, guid: 5ab50235e0d9ba040abf80e18aea4a03,
    type: 3}
  m_PrefabInstance: {fileID: 773613218894110825}
  m_PrefabAsset: {fileID: 0}
--- !u!1 &417339899169371974 stripped
GameObject:
  m_CorrespondingSourceObject: {fileID: 1114321443428800303, guid: 5ab50235e0d9ba040abf80e18aea4a03,
    type: 3}
  m_PrefabInstance: {fileID: 773613218894110825}
  m_PrefabAsset: {fileID: 0}
